@MISC{Matsui2023-lk,
  title        = "{AIIT} Bulletin {LaTeX} Template: v17",
  author       = "Matsui, Minoru",
  month        =  jun,
  year         =  2023,
  url          = "https://ja.overleaf.com/read/nphzcgzvdqbf",
  howpublished = "\url{https://ja.overleaf.com/read/nphzcgzvdqbf}",
  note         = "Accessed: 2023-6-19"
}

@MISC{R_Core_Team2022-ar,
  title     = "R: A language and environment for statistical computing",
  author    = "{R Core Team}",
  publisher = "R Foundation for Statistical Computing",
  year      =  2022,
  url       = "https://www.R-project.org/",
  address   = "Vienna, Austria"
}

@INCOLLECTION{2017-dc,
  title     = "遠賀川式土器の楕円フーリエ解析",
  booktitle = "文化進化の考古学",
  author    = "田村, 光平 and 有松, 唯 and 山口, 雄治 and 松本, 直子",
  editor    = "中尾, 央 and 松木, 武彦 and 三中, 信宏",
  publisher = "勁草書房",
  year      =  2017
}

@BOOK{2012-dp,
  title     = "系統樹曼荼羅 : チェイン・ツリー・ネットワーク",
  author    = "三中, 信宏 and 杉山, 久仁彦",
  publisher = "NTT出版",
  month     =  nov,
  year      =  2012,
  url       = "https://ci.nii.ac.jp/ncid/BB10696401",
  address   = "東京",
  isbn      = "9784757142633"
}

@ARTICLE{Cooney2017-yt,
  title     = "Mega-evolutionary dynamics of the adaptive radiation of birds",
  author    = "Cooney, Christopher R and Bright, Jen A and Capp, Elliot J R and
               Chira, Angela M and Hughes, Emma C and Moody, Christopher J A
               and Nouri, Lara O and Varley, Zoë K and Thomas, Gavin H",
  journal   = "Nature",
  publisher = "Nature Publishing Group",
  volume    =  542,
  year      =  2017,
  url       = "http://dx.doi.org/10.1038/nature21074",
  issn      = "0028-0836",
  doi       = "10.1038/nature21074"
}

@ARTICLE{Tehrani2013-dy,
  title   = "The phylogeny of little red riding hood",
  author  = "Tehrani, Jamshid J",
  journal = "PLoS One",
  volume  =  8,
  number  =  11,
  year    =  2013,
  url     = "http://dx.doi.org/10.1371/journal.pone.0078871",
  issn    = "1932-6203",
  pmid    = "24236061",
  doi     = "10.1371/journal.pone.0078871"
}

@BOOK{Dawkins2006-fw,
  title     = "The Selfish Gene",
  author    = "Dawkins, Richard",
  publisher = "Oxford University Press",
  edition   = "30th Anniversary Edition",
  year      =  2006,
  address   = "Oxford, UK",
  isbn      = "9780199291151"
}

@ARTICLE{2012-zr,
  title    = "楕円フーリエ記述子を用いたボディソープボトル形状の分析と評価",
  author   = "小森, 政嗣 and 川村, 智 and 横山, 卓未 and 森下, 佳昌",
  journal  = "日本包装学会誌",
  volume   =  21,
  number   =  6,
  pages    = "479--492",
  year     =  2012,
  url      = "http://www.spstj.jp/publication/thesis/vol21/Vol21No6-3.pdf"
}

@ARTICLE{Henrich2008-lq,
  title    = "Five Misunderstandings About Cultural Evolution",
  author   = "Henrich, Joseph and Boyd, Robert and Richerson, Peter J",
  journal  = "Hum. Nat.",
  volume   =  19,
  number   =  2,
  pages    = "119--137",
  month    =  jun,
  year     =  2008,
  url      = "https://link.springer.com/article/10.1007/s12110-008-9037-1",
  language = "en",
  issn     = "1045-6767",
  pmid     = "26181460",
  doi      = "10.1007/s12110-008-9037-1"
}

@BOOK{Dennett2017-xz,
  title     = "From Bacteria to Bach and Back: The Evolution of Minds",
  author    = "Dennett, Daniel C",
  publisher = "W. W. Norton \& Company",
  month     =  feb,
  year      =  2017,
  language  = "en",
  isbn      = "9780393242089"
}

@MISC{Creative_Commons_undated-dl,
  title        = "Creative Commons — 表示 4.0 国際 — {CC} {BY} 4.0",
  author       = "{Creative Commons}",
  url          = "https://creativecommons.org/licenses/by/4.0/deed.ja",
  howpublished = "\url{https://creativecommons.org/licenses/by/4.0/deed.ja}",
  note         = "Accessed: 2023-5-29",
  language     = "ja"
}

@BOOK{Henrich2019-yk,
  title     = "文化がヒトを進化させた: 人類の繁栄と〈文化-遺伝子革命〉",
  author    = "Henrich, Joseph",
  publisher = "白揚社",
  year      =  2019,
  address   = "東京",
  language  = "Japanese",
  isbn      = "9784826902113"
}

@ARTICLE{Wickham2019-ex,
  title     = "Welcome to the tidyverse",
  author    = "Wickham, Hadley and Averick, Mara and Bryan, Jennifer and Chang,
               Winston and McGowan, Lucy and François, Romain and Grolemund,
               Garrett and Hayes, Alex and Henry, Lionel and Hester, Jim and
               Kuhn, Max and Pedersen, Thomas and Miller, Evan and Bache,
               Stephan and Müller, Kirill and Ooms, Jeroen and Robinson, David
               and Seidel, Dana and Spinu, Vitalie and Takahashi, Kohske and
               Vaughan, Davis and Wilke, Claus and Woo, Kara and Yutani,
               Hiroaki",
  journal   = "J. Open Source Softw.",
  publisher = "The Open Journal",
  volume    =  4,
  number    =  43,
  pages     = "1686",
  month     =  nov,
  year      =  2019,
  copyright = "http://creativecommons.org/licenses/by/4.0/",
  issn      = "2475-9066"
}

@MISC{Plos_undated-yh,
  title        = "Formatting references",
  booktitle    = "{PLOS} {ONE} Submission Guidelines",
  author       = "{PLOS}",
  url          = "https://journals.plos.org/plosone/s/submission-guidelines#loc-references",
  howpublished = "\url{https://journals.plos.org/plosone/s/submission-guidelines#loc-references}",
  note         = "Accessed: 2023-5-29",
  language     = "en"
}

@MISC{Plos_undated-wc,
  title        = "{LaTeX} | {PLOS} {ONE}",
  author       = "{PLOS}",
  url          = "https://journals.plos.org/plosone/s/latex",
  howpublished = "\url{https://journals.plos.org/plosone/s/latex}",
  note         = "Accessed: 2023-7-3"
}
